@Article{lorem,
  author =       {John Doe},
  title =        {Lorem Ipsum},
  journal =      {SEDUT perspiciatis},
  year =         {2010}
}

@Proceedings{ipsum,
  title =        {Dolor sit amet},
  organization = {At vero EOS},
  year = {2011}
}



@misc{AppDeveloper,
  title = {App Developer Magazine},
  howpublished = {\url{https://appdevelopermagazine.com/more-data-will-be-created-in-2017-than-the-previous-5,000-years-of-humanity-/}},
  note = {Accessed: 2018-08-21}
}


@misc{Forbes,
  title = {Forbes Magazine},
  howpublished = {\url{https://www.forbes.com/sites/louiscolumbus/2017/12/11/linkedins-fastest-growing-jobs-today-are-in-data-science-machine-learning/#74f06bbc51bd}},
  note = {Accessed: 2018-08-21}
}

@misc{ForbesData,
  title = {Forbes Magazine},
  howpublished = {\url{https://www.forbes.com/sites/bernardmarr/2018/05/21/how-much-data-do-we-create-every-day-the-mind-blowing-stats-everyone-should-read/#6c09172160ba}},
  note = {Accessed: 2018-08-21}
}


@misc{Dataversity,
  title = {Dataversity},
  howpublished = {\url{http://www.dataversity.net/20-reasons-big-data-analytics-best-career-move/}},
  note = {Accessed: 2018-08-21}
}


@misc{penjee,
  title = {penjee},
  howpublished = {\url{https://blog.penjee.com/binary-numbers-floating-point-conversion/}},
  note = {Accessed: 2018-09-10}
}
